@article{Adams:1999:UE:322796.322806,
 author = {Adams, Anne and Sasse, Martina Angela},
 title = {Users Are Not the Enemy},
 journal = {Commun. ACM},
 issue_date = {Dec. 1999},
 volume = {42},
 number = {12},
 month = dec,
 year = {1999},
 issn = {0001-0782},
 pages = {40--46},
 numpages = {7},
 url = {http://doi.acm.org/10.1145/322796.322806},
 doi = {10.1145/322796.322806},
 acmid = {322806},
 publisher = {ACM},
 address = {New York, NY, USA},
} 

@article{Alsaleh,
author = {Alsaleh, Mansour and Alomar, Noura and Alarifi, Abdulrahman},
year = {2017},
month = {03},
pages = {},
title = {Smartphone users: Understanding how security mechanisms are perceived and new persuasive methods},
volume = {12},
journal = {PLoS ONE},
doi = {10.1371/journal.pone.0173284}
}

@inproceedings{Egelman:2014:YRL:2660267.2660273,
 author = {Egelman, Serge and Jain, Sakshi and Portnoff, Rebecca S. and Liao, Kerwell and Consolvo, Sunny and Wagner, David},
 title = {Are You Ready to Lock?},
 booktitle = {Proceedings of the 2014 ACM SIGSAC Conference on Computer and Communications Security},
 series = {CCS '14},
 year = {2014},
 isbn = {978-1-4503-2957-6},
 location = {Scottsdale, Arizona, USA},
 pages = {750--761},
 numpages = {12},
 url = {http://doi.acm.org/10.1145/2660267.2660273},
 doi = {10.1145/2660267.2660273},
 acmid = {2660273},
 publisher = {ACM},
 address = {New York, NY, USA},
 keywords = {human behavior, risk perceptions, smartphone security},
} 


@inproceedings{Albayram:2017:BUL:3235924.3235929,
 author = {Albayram, Yusuf and Khan, Mohammad Maifi Hasan and Jensen, Theodore and Nguyen, Nhan},
 title = {"...Better to Use a Lock Screen Than to Worry About Saving a Few Seconds of Time": Effect of Fear Appeal in the Context of Smartphone Locking Behavior},
 booktitle = {Proceedings of the Thirteenth USENIX Conference on Usable Privacy and Security},
 series = {SOUPS '17},
 year = {2017},
 isbn = {978-1-931971-39-3},
 location = {Santa Clara, CA, USA},
 pages = {49--63},
 numpages = {15},
 url = {http://dl.acm.org/citation.cfm?id=3235924.3235929},
 acmid = {3235929},
 publisher = {USENIX Association},
 address = {Berkeley, CA, USA},
} 

@unpublished{ediss20251,
            year = {2016},
           month = {November},
          author = {Emanuel von Zezschwitz},
           title = {Risks and potentials of graphical and gesture-based authentication for touchscreen mobile devices},
       publisher = {Ludwig-Maximilians-Universit{\"a}t M{\"u}nchen},
        keywords = {Usable Security, Authentication, Mobile Devices, Patterns},
             url = {http://nbn-resolving.de/urn:nbn:de:bvb:19-202515},
        abstract = {W{\"a}hrend Mobiltelefone vor einigen Jahren noch fast ausschlie{\ss}lich zum Telefonieren und zum SMS schreiben genutzt wurden, sind die Anwendungsm{\"o}glichkeiten von Mobilger{\"a}ten in den letzten Jahren erheblich gewachsen. Wir surfen unterwegs im Netz, senden E-Mails und {\"u}berpr{\"u}fen Bankkonten. In der Folge speichern moderne internetf{\"a}higen Mobilger{\"a}te eine Vielfalt potenziell sensibler Daten und erfordern einen erh{\"o}hten Schutz. In diesem Zusammenhang stellen Authentifizierungsmethoden h{\"a}ufig die einzige M{\"o}glichkeit dar, um Mobilger{\"a}te vor ungewolltem Zugriff zu sch{\"u}tzen. 

Wissensbasierte Konzepte (bspw. PIN) sind die meistgenutzten Authentifizierungssysteme auf Mobilger{\"a}ten. Sie stellen f{\"u}r viele Nutzer den einzigen Schutzmechanismus dar und dienen als Ersatzl{\"o}sung, wenn alternative Systeme (bspw. Fingerabdruckerkennung) versagen. Diese Dissertation befasst sich mit den Risiken und Potenzialen gestenbasierter Konzepte, welche insbesondere die Touch-Funktion moderner Mobilger{\"a}te aussch{\"o}pfen. Der wissenschaftliche Beitrag dieser Arbeit ist vielschichtig. Zum einen wird der Problemraum mobiler Authentifizierung erforscht. Zum anderen wird der Gestaltungsraum anhand interaktiver Prototypen systematisch evaluiert. Schlie{\ss}lich stellen wir generelle Einsichten bez{\"u}glich des Einflusses bestimmter Gestaltungsaspekte dar und geben Empfehlungen f{\"u}r die Gestaltung und Bewertung grafischer gestenbasierter Authentifizierungsmechanismen.  

Die Untersuchung des Problemraums basiert auf vier Forschungsprojekten, welche praktische Probleme gestenbasierter Authentifizierung offenbaren. Der erste Teil befasst sich mit dem Authentifizierungsverhalten im Alltag und zeigt, dass der mobile Kontext hohe Anspr{\"u}che an die Benutzerfreundlichkeit eines Authentifizierungssystems stellt. Der zweite Teil besch{\"a}ftigt sich mit der Benutzerfreundlichkeit etablierter Methoden und deutet darauf hin, dass gestenbasierte Konzepte vor allem im mobilen Bereich besondere Vorz{\"u}ge bieten. Im dritten Teil untersuchen wir die Beobachtbarkeit gestenbasierter Eingabe und pr{\"a}sentieren ein Vorhersagemodell, welches die Angreifbarkeit einer gegebenen rasterbasierten Geste absch{\"a}tzt. Schlie{\ss}lich besch{\"a}ftigen wir uns mit der Erratbarkeit nutzerselektierter Gesten.

Die Untersuchung des Gestaltungsraums basiert auf einem gestaltungsorientierten Forschungsansatz, welcher zu mehreren praxisgerechte L{\"o}sungen f{\"u}hrt. Die neuartigen Authentifizierungskonzepte werden als interaktive Prototypen umgesetzt und in Labor- und Feldversuchen evaluiert. Im ersten Teil diskutieren wir Fettfingerattacken ("smudge attacks") und pr{\"a}sentieren alternative Authentifizierungskonzepte, welche effektiv vor diesen Angriffen sch{\"u}tzen. Der zweite Teil besch{\"a}ftigt sich mit Angriffen durch Beobachtung und verdeutlicht wie relative Gesten dazu genutzt werden k{\"o}nnen, um blickfreie Authentifizierung zu gew{\"a}hrleisten oder um PIN-Eingaben vor Beobachtung zu sch{\"u}tzen. Der dritte Teil besch{\"a}ftigt sich mit dem Problem der vorhersehbaren Gestenwahl und pr{\"a}sentiert zwei Konzepte, welche Nutzer dazu bringen verschiedenartige Gesten zu w{\"a}hlen.

Die Ergebnisse der Grundlagenforschung und der gestaltungsorientierten angewandten Forschung werden schlie{\ss}lich verkn{\"u}pft, um die Verzahnung von Gestaltungsraum und Problemraum zu diskutieren. Wir pr{\"a}sentieren wichtige Anforderungen f{\"u}r mobile Authentifizierungsmechanismen und erl{\"a}utern empirisch nachgewiesene Zielvorgaben f{\"u}r zuk{\"u}nftige Konzepte. Zus{\"a}tzlich zeigen wir einen zielgerichteten Entwicklungsprozess auf, welcher bei der Entwicklung neuartiger Konzepte helfen wird und geben Empfehlungen f{\"u}r die Evaluation mobiler Authentifizierungsmethoden.}
}

@article{Schloeglhofer,
author = {Schl\"oglhofer, Roland and Sametinger, Johannes},
year = {2012},
month = {12},
pages = {},
title = {Secure and usable authentication on mobile devices},
isbn = {978-1-4503-1307-0},
journal = {ACM International Conference Proceeding Series},
doi = {10.1145/2428955.2429004}
}


@article{symantec,
            year = {2012},
          author = {Symantec},
           title = {Risks and potentials of graphical and gesture-based authentication for touchscreen mobile devices},
       publisher = {Ludwig-Maximilians-Universit{\"a}t M{\"u}nchen},
        keywords = {The Symantec Smartphone Honey Stick Project},
             url = {https://www.symantec.com/content/en/us/about/presskits/b-symantec-smartphone-honey-stick-project.en-us.pdf}
} 

@ARTICLE{gorman,
author={L. {O'Gorman}},
journal={Proceedings of the IEEE},
title={Comparing passwords, tokens, and biometrics for user authentication},
year={2003},
volume={91},
number={12},
pages={2021-2040},
keywords={identification technology;biometrics (access control);speaker recognition;protocols;security;access control;biometrics;end-user authentication;human authentication;identity management;identity token;passwords;verification;Biometrics;Authentication;Protocols;Computer networks;Humans;Internet;Security;Identity management systems;Web sites;Protection},
doi={10.1109/JPROC.2003.819611},
ISSN={},
month={Dec},}

@inproceedings{vonZezschwitz:2015:SFS:2702123.2702212,
 author = {von Zezschwitz, Emanuel and De Luca, Alexander and Brunkow, Bruno and Hussmann, Heinrich},
 title = {SwiPIN: Fast and Secure PIN-Entry on Smartphones},
 booktitle = {Proceedings of the 33rd Annual ACM Conference on Human Factors in Computing Systems},
 series = {CHI '15},
 year = {2015},
 isbn = {978-1-4503-3145-6},
 location = {Seoul, Republic of Korea},
 pages = {1403--1406},
 numpages = {4},
 url = {http://doi.acm.org/10.1145/2702123.2702212},
 doi = {10.1145/2702123.2702212},
 acmid = {2702212},
 publisher = {ACM},
 address = {New York, NY, USA},

 keywords = {authentication, mobile devices, shoulder surfing},
} 

@article{article,
author = {Kwon, Taekyoung and Na, Sarang},
year = {2013},
month = {11},
pages = {},
title = {TinyLock: Affordable Defense Against Smudge Attacks on Smartphone Pattern Lock Systems},
volume = {42},
journal = {Computers \& Security},
doi = {10.1016/j.cose.2013.12.001}
}

@inbook{sasse,
author = {Sasse, Angela and Flechais, I},
year = {2005},
month = {01},
pages = {},
title = {Usable Security: Why Do We Need It? How Do We Get It?}
}

@inproceedings{Realpe-Munoz,
 author = {Realpe-Mu\~{n}oz, Paulo and Collazos, C{\'e}sar A. and Granollers, Toni and Mu\~{n}oz-Arteaga, Jaime and Fernandez, Eduardo B.},
 title = {Design Process for Usable Security and Authentication Using a User-centered Approach},
 booktitle = {Proceedings of the XVIII International Conference on Human Computer Interaction},
 series = {Interaccion '17},
 year = {2017},
 isbn = {978-1-4503-5229-1},
 location = {Cancun, Mexico},
 pages = {42:1--42:8},
 articleno = {42},
 numpages = {8},
 url = {http://doi.acm.org/10.1145/3123818.3123838},
 doi = {10.1145/3123818.3123838},
 acmid = {3123838},
 publisher = {ACM},
 address = {New York, NY, USA},
 keywords = {authentication, design process, heuristic evaluation, usable security},
} 

@article{payne,
author = {Payne, Bryan and Edwards, W.},
year = {2008},
month = {06},
pages = {13-21},
title = {A Brief Introduction to Usable Security},
volume = {12},
journal = {Internet Computing, IEEE},
doi = {10.1109/MIC.2008.50}
}

@article{adams2,
author = {Adams, Anne and Sasse, Angela and Lunt, Peter},
year = {1999},
month = {12},
pages = {},
title = {Making Passwords Secure and Usable},
doi = {10.1007/978-1-4471-3601-9_1}
}

@inproceedings {harbach,
author = {Marian Harbach and Emanuel von Zezschwitz and Andreas Fichtner and Alexander De Luca and Matthew Smith},
title = {It{\textquoteright}s a Hard Lock Life: A Field Study of Smartphone (Un)Locking Behavior and Risk Perception},
booktitle = {10th Symposium On Usable Privacy and Security ({SOUPS} 2014)},
year = {2014},
isbn = {978-1-931971-13-3},
address = {Menlo Park, CA},
pages = {213--230},
url = {https://www.usenix.org/conference/soups2014/proceedings/presentation/harbach},
publisher = {{USENIX} Association},
month = july,
}

@article{kwon,
author = {Kwon, Taekyoung and Na, Sarang},
year = {2013},
month = {11},
pages = {},
title = {TinyLock: Affordable Defense Against Smudge Attacks on Smartphone Pattern Lock Systems},
volume = {42},
journal = {Computers \& Security},
doi = {10.1016/j.cose.2013.12.001}
}

@article{Zezschwitz,
author = {},
year = {},
month = {},
pages = {},
title = {Designing Efficient Authentication Mechanisms: There is More to Efficiency than Input Speed},
volume = {},
journal = {},
doi = {},
 keywords = {authentication; time measurement; perception}
}



@inproceedings{AnatomySmartphone,
 author = {Harbach, Marian and De Luca, Alexander and Egelman, Serge},
 title = {The Anatomy of Smartphone Unlocking: A Field Study of Android Lock Screens},
 booktitle = {Proceedings of the 2016 CHI Conference on Human Factors in Computing Systems},
 series = {CHI '16},
 year = {2016},
 isbn = {978-1-4503-3362-7},
 location = {San Jose, California, USA},
 pages = {4806--4817},
 numpages = {12},
 url = {http://doi.acm.org/10.1145/2858036.2858267},
 doi = {10.1145/2858036.2858267},
 acmid = {2858267},
 publisher = {ACM},
 address = {New York, NY, USA},
 keywords = {android, field study, lock screen, security, smartphone, usability},
} 

@inproceedings{PatternWild,
 author = {von Zezschwitz, Emanuel and Dunphy, Paul and De Luca, Alexander},
 title = {Patterns in the Wild: A Field Study of the Usability of Pattern and Pin-based Authentication on Mobile Devices},
 booktitle = {Proceedings of the 15th International Conference on Human-computer Interaction with Mobile Devices and Services},
 series = {MobileHCI '13},
 year = {2013},
 isbn = {978-1-4503-2273-7},
 location = {Munich, Germany},
 pages = {261--270},
 numpages = {10},
 url = {http://doi.acm.org/10.1145/2493190.2493231},
 doi = {10.1145/2493190.2493231},
 acmid = {2493231},
 publisher = {ACM},
 address = {New York, NY, USA},
 keywords = {authentication, likeability, pattern, pin, usability},
} 

@article{pictorial,
author = {Nelson, Douglas and Reed, Valerie and Walling, John},
year = {1976},
month = {10},
pages = {523-8},
title = {Pictorial superiority effect},
volume = {2},
journal = {Journal of experimental psychology. Human learning and memory},
doi = {10.1037/0278-7393.2.5.523}
}

@BOOK{2014,
	AUTHOR = {, },
	YEAR = {2014},
	TITLE = {Imagery, Memory and Cognition (PLE: Memory) - Essays in Honor of Allan Paivio},
	EDITION = {},
	ISBN = {978-1-317-68547-0},
	PUBLISHER = {Psychology Press},
	ADDRESS = {London},
}

@BOOK{Butz2014,
	AUTHOR = {Butz, Andreas AND Kr\"uger, Antonio},
	YEAR = {2014},
	TITLE = {Mensch-Maschine-Interaktion - },
	EDITION = {1. Aufl.},
	ISBN = {978-3-486-98971-7},
	PUBLISHER = {Walter de Gruyter GmbH \& Co KG},
	ADDRESS = {Berlin},
}

@BOOK{Frutiger1998,
	AUTHOR = {Frutiger, Adrian},
	YEAR = {1998},
	TITLE = {Signs and Symbols - Their Design and Meaning},
	EDITION = {Reprint},
	ISBN = {978-0-823-04826-7},
	PUBLISHER = {Watson-Guptill Publications},
	ADDRESS = {},
}

@inproceedings{Harbach:2016,
 author = {Harbach, Marian and De Luca, Alexander and Malkin, Nathan and Egelman, Serge},
 title = {Keep on Lockin' in the Free World: A Multi-National Comparison of Smartphone Locking},
 booktitle = {Proceedings of the 2016 CHI Conference on Human Factors in Computing Systems},
 series = {CHI '16},
 year = {2016},
 isbn = {978-1-4503-3362-7},
 location = {San Jose, California, USA},
 pages = {4823--4827},
 numpages = {5},
 url = {http://doi.acm.org/10.1145/2858036.2858273},
 doi = {10.1145/2858036.2858273},
 acmid = {2858273},
 publisher = {ACM},
 address = {New York, NY, USA},
 keywords = {lock screen, multi-national survey, smartphone security},
} 

@inproceedings{Swipin,
 author = {von Zezschwitz, Emanuel and De Luca, Alexander and Brunkow, Bruno and Hussmann, Heinrich},
 title = {SwiPIN: Fast and Secure PIN-Entry on Smartphones},
 booktitle = {Proceedings of the 33rd Annual ACM Conference on Human Factors in Computing Systems},
 series = {CHI '15},
 year = {2015},
 isbn = {978-1-4503-3145-6},
 location = {Seoul, Republic of Korea},
 pages = {1403--1406},
 numpages = {4},
 url = {http://doi.acm.org/10.1145/2702123.2702212},
 doi = {10.1145/2702123.2702212},
 acmid = {2702212},
 publisher = {ACM},
 address = {New York, NY, USA},
 keywords = {authentication, mobile devices, shoulder surfing},
} 


@inproceedings{Marbles,
 author = {von Zezschwitz, Emanuel and Koslow, Anton and De Luca, Alexander and Hussmann, Heinrich},
 title = {Making Graphic-based Authentication Secure Against Smudge Attacks},
 booktitle = {Proceedings of the 2013 International Conference on Intelligent User Interfaces},
 series = {IUI '13},
 year = {2013},
 isbn = {978-1-4503-1965-2},
 location = {Santa Monica, California, USA},
 pages = {277--286},
 numpages = {10},
 url = {http://doi.acm.org/10.1145/2449396.2449432},
 doi = {10.1145/2449396.2449432},
 acmid = {2449432},
 publisher = {ACM},
 address = {New York, NY, USA},
 keywords = {attacks, authentication, mobile, security, smudge},
} 

@inproceedings{Airowaily,
 author = {Airowaily, Khalid and Alrubaian, Majed},
 title = {Oily Residuals Security Threat on Smart Phones},
 booktitle = {Proceedings of the 2011 First International Conference on Robot, Vision and Signal Processing},
 series = {RVSP '11},
 year = {2011},
 isbn = {978-0-7695-4581-3},
 pages = {300--302},
 numpages = {3},
 url = {https://doi.org/10.1109/RVSP.2011.92},
 doi = {10.1109/RVSP.2011.92},
 acmid = {2121186},
 publisher = {IEEE Computer Society},
 address = {Washington, DC, USA},
 keywords = {Authentication pattern, Oily residuals, Smart phone, Smudge},
} 

@article{perception,
author = {Zakay, Dan and Block, Richard},
year = {2004},
month = {02},
pages = {319-28},
title = {Prospective and retrospective duration judgments: An executive-control perspective},
volume = {64},
journal = {Acta neurobiologiae experimentalis}
}